{
  "leader": "02457cam a2200481Ia 4500",
  "fields": [
    {
      "001": "ocm00346214\\"
    },
    {
      "003": "OCoLC"
    },
    {
      "005": "20220701124316.0"
    },
    {
      "008": "720630s1970\\\\\\\\maua\\\\\\\\\\b\\\\\\\\001\\0\\eng\\d"
    },
    {
      "010": {
        "ind1": "\\",
        "ind2": "\\",
        "subfields": [
          {
            "a": "   70118344 "
          }
        ]
      }
    },
    {
      "040": {
        "ind1": "\\",
        "ind2": "\\",
        "subfields": [
          {
            "a": "OSU"
          },
          {
            "b": "eng"
          },
          {
            "c": "OSU"
          },
          {
            "d": "OCL"
          },
          {
            "d": "OCLCQ"
          },
          {
            "d": "OCLCG"
          },
          {
            "d": "SYB"
          },
          {
            "d": "FIN"
          },
          {
            "d": "UKV3G"
          },
          {
            "d": "BAKER"
          },
          {
            "d": "BTCTA"
          },
          {
            "d": "TXJ"
          },
          {
            "d": "YDXCP"
          },
          {
            "d": "OCLCQ"
          },
          {
            "d": "OCLCF"
          },
          {
            "d": "OCLCQ"
          },
          {
            "d": "OCLCA"
          },
          {
            "d": "OCLCO"
          }
        ]
      }
    },
    {
      "015": {
        "ind1": "\\",
        "ind2": "\\",
        "subfields": [
          {
            "a": "B7203122"
          }
        ]
      }
    },
    {
      "019": {
        "ind1": "\\",
        "ind2": "\\",
        "subfields": [
          {
            "a": "59796884"
          },
          {
            "a": "229309018"
          }
        ]
      }
    },
    {
      "020": {
        "ind1": "\\",
        "ind2": "\\",
        "subfields": [
          {
            "a": "0262020661"
          }
        ]
      }
    },
    {
      "020": {
        "ind1": "\\",
        "ind2": "\\",
        "subfields": [
          {
            "a": "9780262020664"
          }
        ]
      }
    },
    {
      "020": {
        "ind1": "\\",
        "ind2": "\\",
        "subfields": [
          {
            "a": "0262523817"
          }
        ]
      }
    },
    {
      "020": {
        "ind1": "\\",
        "ind2": "\\",
        "subfields": [
          {
            "a": "9780262523813"
          }
        ]
      }
    },
    {
      "035": {
        "ind1": "\\",
        "ind2": "\\",
        "subfields": [
          {
            "a": "(OCoLC)346214"
          },
          {
            "z": "(OCoLC)59796884"
          },
          {
            "z": "(OCoLC)229309018"
          }
        ]
      }
    },
    {
      "043": {
        "ind1": "\\",
        "ind2": "\\",
        "subfields": [
          {
            "a": "n-us-in"
          }
        ]
      }
    },
    {
      "050": {
        "ind1": "1",
        "ind2": "4",
        "subfields": [
          {
            "a": "LA285.G2"
          },
          {
            "b": "B7 1970"
          }
        ]
      }
    },
    {
      "082": {
        "ind1": "0",
        "ind2": "4",
        "subfields": [
          {
            "a": "371.25"
          },
          {
            "b": "BOU"
          }
        ]
      }
    },
    {
      "100": {
        "ind1": "1",
        "ind2": "\\",
        "subfields": [
          {
            "a": "Bourne, Randolph Silliman,"
          },
          {
            "d": "1886-1918."
          }
        ]
      }
    },
    {
      "245": {
        "ind1": "1",
        "ind2": "4",
        "subfields": [
          {
            "a": "The Gary schools /"
          },
          {
            "c": "Randolph S. Bourne ; epilogue by Abraham Flexner and Frank P. Bachman ; introduced and annotated by Adeline and Murray Levine."
          }
        ]
      }
    },
    {
      "250": {
        "ind1": "\\",
        "ind2": "\\",
        "subfields": [
          {
            "a": "[New ed.]."
          }
        ]
      }
    },
    {
      "260": {
        "ind1": "\\",
        "ind2": "\\",
        "subfields": [
          {
            "a": "Cambridge, Mass. :"
          },
          {
            "b": "M.I.T. Press,"
          },
          {
            "c": "\u00a91970."
          }
        ]
      }
    },
    {
      "300": {
        "ind1": "\\",
        "ind2": "\\",
        "subfields": [
          {
            "a": "lxvii, 323 pages :"
          },
          {
            "b": "illustrations ;"
          },
          {
            "c": "20 cm"
          }
        ]
      }
    },
    {
      "336": {
        "ind1": "\\",
        "ind2": "\\",
        "subfields": [
          {
            "a": "text"
          },
          {
            "b": "txt"
          },
          {
            "2": "rdacontent"
          }
        ]
      }
    },
    {
      "337": {
        "ind1": "\\",
        "ind2": "\\",
        "subfields": [
          {
            "a": "unmediated"
          },
          {
            "b": "n"
          },
          {
            "2": "rdamedia"
          }
        ]
      }
    },
    {
      "338": {
        "ind1": "\\",
        "ind2": "\\",
        "subfields": [
          {
            "a": "volume"
          },
          {
            "b": "nc"
          },
          {
            "2": "rdacarrier"
          }
        ]
      }
    },
    {
      "500": {
        "ind1": "\\",
        "ind2": "\\",
        "subfields": [
          {
            "a": "\"Reproduced from The Gary Schools by Randolph S, Bourne, published by Houghton Mifflin, Boston, 1916, and The Gary Schools: A General Account by Abraham Flexner and Frank P. Bachman, published by the General Education Board, New York, 1918\"--Title page verso."
          }
        ]
      }
    },
    {
      "504": {
        "ind1": "\\",
        "ind2": "\\",
        "subfields": [
          {
            "a": "Includes bibliographical references (pages 315-318) and index."
          }
        ]
      }
    },
    {
      "505": {
        "ind1": "0",
        "ind2": "\\",
        "subfields": [
          {
            "a": "The community setting -- The school plant : educating the whole child -- Work, study, and play : the school as a community -- Programs : the school as a public utility -- Organization -- Curriculum : learning by doing -- Discipline : the natural school -- Criticisms and evaluations -- The Gary schools : a general account / by Abraham Flexner and Frank P. Bachman ; abridged and annotated by Adeline and Murray Levine."
          }
        ]
      }
    },
    {
      "610": {
        "ind1": "2",
        "ind2": "0",
        "subfields": [
          {
            "a": "Gary Public Schools."
          }
        ]
      }
    },
    {
      "650": {
        "ind1": "\\",
        "ind2": "0",
        "subfields": [
          {
            "a": "Platoon schools."
          }
        ]
      }
    },
    {
      "650": {
        "ind1": "\\",
        "ind2": "0",
        "subfields": [
          {
            "a": "Progressive education."
          }
        ]
      }
    },
    {
      "610": {
        "ind1": "2",
        "ind2": "7",
        "subfields": [
          {
            "a": "Gary Public Schools."
          },
          {
            "2": "fast"
          },
          {
            "0": "(OCoLC)fst00680269"
          }
        ]
      }
    },
    {
      "650": {
        "ind1": "\\",
        "ind2": "7",
        "subfields": [
          {
            "a": "Platoon schools."
          },
          {
            "2": "fast"
          },
          {
            "0": "(OCoLC)fst01066884"
          }
        ]
      }
    },
    {
      "650": {
        "ind1": "\\",
        "ind2": "7",
        "subfields": [
          {
            "a": "Progressive education."
          },
          {
            "2": "fast"
          },
          {
            "0": "(OCoLC)fst01078737"
          }
        ]
      }
    },
    {
      "700": {
        "ind1": "1",
        "ind2": "2",
        "subfields": [
          {
            "a": "Flexner, Abraham,"
          },
          {
            "d": "1866-1959."
          },
          {
            "t": "Gary schools."
          }
        ]
      }
    },
    {
      "700": {
        "ind1": "1",
        "ind2": "2",
        "subfields": [
          {
            "a": "Bachman, Frank P."
          },
          {
            "q": "(Frank Puterbaugh),"
          },
          {
            "d": "1871-1934."
          },
          {
            "t": "Gary schools."
          }
        ]
      }
    },
    {
      "994": {
        "ind1": "\\",
        "ind2": "\\",
        "subfields": [
          {
            "a": "Z0"
          },
          {
            "b": "NYRVC"
          }
        ]
      }
    },
    {
      "948": {
        "ind1": "\\",
        "ind2": "\\",
        "subfields": [
          {
            "h": "NO HOLDINGS IN NYRVC - 50 OTHER HOLDINGS"
          }
        ]
      }
    },
    {
      "999": {
        "ind1": "\\",
        "ind2": "\\",
        "subfields": [
          {
            "a": "00000000019983"
          }
        ]
      }
    }
  ]
}